
@article{pinkus1999approximation,
  title={Approximation theory of the MLP model in neural networks},
  author={Pinkus, Allan},
  journal={Acta Numerica},
  volume={8},
  pages={143--195},
  year={1999},
  publisher={Cambridge Univ Press}
}

@inproceedings{gong2006neural,
  title={Neural Network Modeling of Spectral Embedding.},
  author={Gong, Haifeng and Pan, Chunhong and Yang, Qing and Lu, Hanqing and Ma, Songde},
  booktitle={BMVC},
  pages={227--236},
  year={2006}
}

@article{betlehem2005theory,
  title={Theory and design of sound field reproduction in reverberant rooms},
  author={Betlehem, Terence and Abhayapala, Thushara D},
  journal={The Journal of the Acoustical Society of America},
  volume={117},
  number={4},
  pages={2100--2111},
  year={2005},
  publisher={ASA}
}

@inproceedings{lin2007blind,
  title={Blind channel identification for speech dereverberation using l1-norm sparse learning.},
  author={Lin, Yuanqing and Chen, Jingdong and Kim, Youngmoo and Lee, Daniel D},
  booktitle={NIPS},
  pages={921--928},
  year={2007}
}

@article{gannot2001signal,
  title={Signal enhancement using beamforming and nonstationarity with applications to speech},
  author={Gannot, Sharon and Burshtein, David and Weinstein, Ehud},
  journal={IEEE Transactions on Signal Processing},
  volume={49},
  number={8},
  pages={1614--1626},
  year={2001},
  publisher={IEEE}
}

@article{cohen2004relative,
  title={Relative transfer function identification using speech signals},
  author={Cohen, Israel},
  journal={IEEE Transactions on Speech and Audio Processing},
  volume={12},
  number={5},
  pages={451--459},
  year={2004},
  publisher={IEEE}
}

@article{talmon2009relative,
  title={Relative transfer function identification using convolutive transfer function approximation},
  author={Talmon, Ronen and Cohen, Israel and Gannot, Sharon},
  journal={IEEE Transactions on audio, speech, and language processing},
  volume={17},
  number={4},
  pages={546--555},
  year={2009},
  publisher={IEEE}
}

@inproceedings{taseska2015relative,
  title={Relative transfer function estimation exploiting instantaneous signals and the signal subspace},
  author={Taseska, Maja and Habets, Emanuel AP},
  booktitle={23rd European Signal Processing Conference (EUSIPCO)},
  pages={404--408},
  year={2015},
  organization={IEEE}
}

@inproceedings{li2015estimation,
  title={Estimation of relative transfer function in the presence of stationary noise based on segmental power spectral density matrix subtraction},
  author={Li, Xiaofei and Girin, Laurent and Horaud, Radu and Gannot, Sharon},
  booktitle={IEEE International Conference onAcoustics, Speech and Signal Processing (ICASSP)},
  pages={320--324},
  year={2015},
  organization={IEEE}
}


@article{koldovsky2013semi,
  title={Semi-blind noise extraction using partially known position of the target source},
  author={Koldovsk{\'y}, Zbyn{\v{e}}k and Tichavsk{\'y}, Petr and Nesta, Francesco and others},
  journal={IEEE Transactions on Audio, Speech, and Language Processing},
  volume={21},
  number={10},
  pages={2029--2041},
  year={2013},
  publisher={IEEE}
}

@article{koldovsky2015spatial,
  title={Spatial source subtraction based on incomplete measurements of relative transfer function},
  author={Koldovsk{\'y}, Zbyn{\v{e}}k and M{\'a}lek, Ji{\v{r}}{\'\i} and Gannot, Sharon},
  journal={IEEE/ACM Transactions on Audio, Speech, and Language Processing},
  volume={23},
  number={8},
  pages={1335--1347},
  year={2015},
  publisher={IEEE}
}

@inproceedings{talmon2011supervised,
  title={Supervised source localization using diffusion kernels},
  author={Talmon, Ronen and Cohen, Israel and Gannot, Sharon},
  booktitle={IEEE Workshop on Applications of Signal Processing to Audio and Acoustics (WASPAA) },
  pages={245--248},
  year={2011},
  organization={IEEE}
}

@article{talmon2012parametrization,
  title={Parametrization of linear systems using diffusion kernels},
  author={Talmon, Ronen and Kushnir, Dan and Coifman, Ronald R and Cohen, Israel and Gannot, Sharon},
  journal={IEEE Transactions on Signal Processing},
  volume={60},
  number={3},
  pages={1159--1173},
  year={2012},
  publisher={IEEE}
}

@inproceedings{talmon2013relative,
  title={Relative transfer function identification on manifolds for supervised {GSC} beamformers},
  author={Talmon, Ronen and Gannot, Sharon},
  booktitle={Proceedings of the 21st European Signal Processing Conference (EUSIPCO)},
  pages={1--5},
  year={2013},
  organization={IEEE}
}

@inproceedings{laufer2013relative,
  title={Relative transfer function modeling for supervised source localization},
  author={Laufer, Bracha and Talmon, Ronen and Gannot, Sharon},
  booktitle={IEEE Workshop on Applications of Signal Processing to Audio and Acoustics (WASPAA)},
  pages={1--4},
  year={2013},
  organization={IEEE}
}

@inproceedings{laufer2015study,
  title={A Study on Manifolds of Acoustic Responses},
  author={Laufer-Goldshtein, Bracha and Talmon, Ronen and Gannot, Sharon},
  booktitle={International Conference on Latent Variable Analysis and Signal Separation},
  pages={203--210},
  year={2015},
  organization={Springer}
}

@inproceedings{laufer2016manifold,
  title={Manifold-based Bayesian inference for semi-supervised source localization},
  author={Laufer-Goldshtein, Bracha and Talmon, Ronen and Gannot, Sharon},
  booktitle={IEEE International Conference on Acoustics, Speech and Signal Processing (ICASSP)},
  pages={6335--6339},
  year={2016},
  organization={IEEE}
}

@article{laufer2016mr,
  title={Semi-supervised sound source localization based on manifold regularization},
  author={Laufer, Bracha and Talmon, Ronen and Gannot, Sharon},
  journal={IEEE/ACM Transactions on Audio, Speech and Language Processing (TASLP)},
  volume={24},
  number={8},
  pages={1393--1407},
  year={2016},
  publisher={IEEE Press}
}

@article{laufer2016semi,
  title={Semi-Supervised Source Localization on Multiple-Manifolds with Distributed Microphones},
  author={Laufer-Goldshtein, Bracha and Talmon, Ronen and Gannot, Sharon},
  journal={arXiv preprint arXiv:1610.04770},
  year={2016}
}

@inproceedings{deleforge20122d,
  title={{2D} sound-source localization on the binaural manifold},
  author={Deleforge, Antoine and Horaud, Radu},
  booktitle={IEEE International Workshop on Machine Learning for Signal Processing (MLSP)},
  pages={1--6},
  year={2012},
  organization={IEEE}
}

@article{deleforge2015acoustic,
  title={Acoustic space learning for sound-source separation and localization on binaural manifolds},
  author={Deleforge, Antoine and Forbes, Florence and Horaud, Radu},
  journal={International Journal of Neural Systems},
  volume={25},
  number={01},
  year={2015},
  publisher={World Scientific}
}

@article{deleforge2015high,
  title={High-dimensional regression with {G}aussian mixtures and partially-latent response variables},
  author={Deleforge, Antoine and Forbes, Florence and Horaud, Radu},
  journal={Statistics and Computing},
  volume={25},
  number={5},
  pages={893--911},
  year={2015},
  publisher={Springer US}
}

@article{deleforge2015co,
  title={Co-localization of audio sources in images using binaural features and locally-linear regression},
  author={Deleforge, Antoine and Horaud, Radu and Schechner, Yoav Y and Girin, Laurent},
  journal={IEEE/ACM Transactions on Audio, Speech and Language Processing (TASLP)},
  volume={23},
  number={4},
  pages={718--731},
  year={2015},
  publisher={IEEE Press}
}

@article{li1991sliced,
  title={Sliced inverse regression for dimension reduction},
  author={Li, Ker-Chau},
  journal={Journal of the American Statistical Association},
  volume={86},
  number={414},
  pages={316--327},
  year={1991},
  publisher={Taylor \& Francis}
}


@inproceedings{sudhakar2010double,
  title={Double sparsity: Towards blind estimation of multiple channels},
  author={Sudhakar, Prasad and Arberet, Simon and Gribonval, R{\'e}mi},
  booktitle={International Conference on Latent Variable Analysis and Signal Separation},
  pages={571--578},
  year={2010},
  organization={Springer}
}

@inproceedings{asaei2012computational,
  title={Computational methods for structured sparse component analysis of convolutive speech mixtures},
  author={Asaei, Afsaneh and Davies, Michael E and Bourlard, Herv{\'e} and Cevher, Volkan},
  booktitle={IEEE International Conference on Acoustics, Speech and Signal Processing (ICASSP)},
  pages={2425--2428},
  year={2012},
  organization={IEEE}
}

@article{mignot2013room,
  title={Room reverberation reconstruction: Interpolation of the early part using compressed sensing},
  author={Mignot, R{\'e}mi and Daudet, Laurent and Ollivier, Fran{\c{c}}ois},
  journal={IEEE Transactions on Audio, Speech, and Language Processing},
  volume={21},
  number={11},
  pages={2301--2312},
  year={2013},
  publisher={IEEE}
}

@article{asaei2014structured,
  title={Structured sparsity models for reverberant speech separation},
  author={Asaei, Afsaneh and Golbabaee, Mohammad and Bourlard, Herv{\'e} and Cevher, Volkan},
  journal={IEEE/ACM Transactions on Audio, Speech and Language Processing (TASLP)},
  volume={22},
  number={3},
  pages={620--633},
  year={2014},
  publisher={IEEE Press}
}

@article{mignot2014low,
  title={Low frequency interpolation of room impulse responses using compressed sensing},
  author={Mignot, Remi and Chardon, Gilles and Daudet, Laurent},
  journal={IEEE/ACM Transactions on Audio, Speech and Language Processing (TASLP)},
  volume={22},
  number={1},
  pages={205--216},
  year={2014},
  publisher={IEEE Press}
}

@article{allen1979image,
  title={Image method for efficiently simulating small-room acoustics},
  author={Allen, Jont B and Berkley, David A},
  journal={The Journal of the Acoustical Society of America},
  volume={65},
  number={4},
  pages={943--950},
  year={1979},
  publisher={ASA}
}

@inproceedings{vincent2013second,
  title={The second ‘{CHiME}’ speech separation and recognition challenge: Datasets, tasks and baselines},
  author={Vincent, Emmanuel and Barker, Jon and Watanabe, Shinji and Le Roux, Jonathan and Nesta, Francesco and Matassoni, Marco},
  booktitle={IEEE International Conference on Acoustics, Speech and Signal Processing (ICASSP) },
  pages={126--130},
  year={2013},
  organization={IEEE}
}

@article{samarasinghe2015efficient,
  title={An efficient parameterization of the room transfer function},
  author={Samarasinghe, Prasanga and Abhayapala, Thushara and Poletti, Mark and Betlehem, Terence},
  journal={IEEE/ACM Transactions on Audio, Speech and Language Processing (TASLP)},
  volume={23},
  number={12},
  pages={2217--2227},
  year={2015},
  publisher={IEEE Press}
}


@article{kingma2014adam,
  title={Adam: A method for stochastic optimization},
  author={Kingma, Diederik and Ba, Jimmy},
  journal={arXiv preprint arXiv:1412.6980},
  year={2014}
}

@article{ba2016layer,
  title={Layer normalization},
  author={Ba, Jimmy Lei and Kiros, Jamie Ryan and Hinton, Geoffrey E},
  journal={arXiv preprint arXiv:1607.06450},
  year={2016}
}

@inproceedings{nishino1999interpolating,
  title={Interpolating head related transfer functions in the median plane},
  author={Nishino, Takanori and Kajita, Shoji and Takeda, Kazuya and Itakura, Fumitada},
  booktitle={IEEE Workshop on Applications of Signal Processing to Audio and Acoustics},
  pages={167--170},
  year={1999},
  organization={IEEE}
}

@inproceedings{duraiswaini2004interpolation,
  title={Interpolation and range extrapolation of HRTFs [head related transfer functions]},
  author={Duraiswaini, R and Zotkin, Dmitry N and Gumerov, Nail A},
  booktitle={IEEE International Conference on Acoustics, Speech, and Signal Processing Proceedings (ICASSP'04)},
  volume={4},
  pages={iv--iv},
  year={2004},
  organization={IEEE}
}

@inproceedings{hacihabiboglu2005head,
  title={Head-related transfer function filter interpolation by root displacement},
  author={Hacihabiboglu, Hiiseyin and Gunel, Banu and Kondoz, Ahmet M},
  booktitle={IEEE Workshop on Applications of Signal Processing to Audio and Acoustics},
  pages={134--137},
  year={2005},
  organization={IEEE}
}
